@book{apertureProblem,
editor="Binder, Marc D.
and Hirokawa, Nobutaka
and Windhorst, Uwe",
title="Aperture Problem",
bookTitle="Encyclopedia of Neuroscience",
year="2009",
publisher="Springer Berlin Heidelberg",
address="Berlin, Heidelberg",
pages="159--159",
isbn="978-3-540-29678-2",
doi="10.1007/978-3-540-29678-2_310",
url="http://dx.doi.org/10.1007/978-3-540-29678-2_310"
}

@book{sutton2009image,
  title={Image Correlation for Shape, Motion and Deformation Measurements: Basic Concepts,Theory and Applications},
  author={Sutton, M.A. and Orteu, J.J. and Schreier, H.},
  isbn={9780387787473},
  lccn={2008938227},
  url={https://books.google.co.za/books?id=AlkqMxpQMLsC},
  year={2009},
  publisher={Springer US}
}

@book{lucasUnifying,
  title={Lucas-Kanade 20 Years on: A Unifying Framework},
  author={Baker, S. and Matthews, I.},
  number={pt. 1},
  series={Technical report},
  url={https://books.google.co.za/books?id=WxqEQgAACAAJ},
  year={2002},
  publisher={Carnegie Mellon University, The Robotics Institute}
}

@book{emerging,
  booktitle={Emerging topics in computer vision},
  author={Zhang, Zhengyou},
  title={Camera Calibration},
  editor={Medioni, Gerard and Kang, Sing Bing},
  year={2004},
  publisher={Prentice Hall PTR},
  pages={5-43},
  chapter={2}
}

@article{luong1997self,
  title={Self-calibration of a moving camera from point correspondences and fundamental matrices},
  author={Luong, Q-T and Faugeras, Olivier D},
  journal={International Journal of computer vision},
  volume={22},
  number={3},
  pages={261--289},
  year={1997},
  publisher={Springer}
}

@article{grediac,
  title={Novel procedure for complete in-plane composite characterization using a single T-shaped specimen},
  author={Gr{\'e}diac, M and Pierron, F and Surrel, Y},
  journal={Experimental Mechanics},
  volume={39},
  number={2},
  pages={142--149},
  year={1999},
  publisher={Springer}
}

@article{conradiecharacterising,
  title={Characterising Damage in Structural Materials using Digital Image Correlation and Peridynamics},
  author={Conradie, JH and Turnerb, DZ and Beckerc, TH}
}

@article{farneback2003two,
  title={Two-frame motion estimation based on polynomial expansion},
  author={Farneb{\"a}ck, Gunnar},
  journal={Image analysis},
  pages={363--370},
  year={2003},
  publisher={Springer}
}

@article{uras1988computational,
  title={A computational approach to motion perception},
  author={Uras, Sergio and Girosi, Federico and Verri, Alessandro and Torre, Vincent},
  journal={Biological Cybernetics},
  volume={60},
  number={2},
  pages={79--87},
  year={1988},
  publisher={Springer}
}

@article{lucas1981iterative,
  title={An iterative image registration technique with an application to stereo vision},
  author={Lucas, Bruce D and Kanade, Takeo and others},
  year={1981},
  publisher={Vancouver, BC, Canada}
}

@article{tsai1987versatile,
  title={A versatile camera calibration technique for high-accuracy 3D machine vision metrology using off-the-shelf TV cameras and lenses},
  author={Tsai, Roger},
  journal={IEEE Journal on Robotics and Automation},
  volume={3},
  number={4},
  pages={323--344},
  year={1987},
  publisher={IEEE}
}

@article{wei1994implicit,
  title={Implicit and explicit camera calibration: Theory and experiments},
  author={Wei, Guo-Qing and De Ma, Song},
  journal={IEEE Transactions on Pattern Analysis and Machine Intelligence},
  volume={16},
  number={5},
  pages={469--480},
  year={1994},
  publisher={IEEE}
}

@article{zhangtut_old,
  title={Zhang’s Camera Calibration Algorithm: In-Depth Tutorial and Implementation},
  author={Burger, Wilhelm},
  journal={month},
  year={2016}
}

@techreport{zhangtut,
author = {Burger, Wilhelm},
title = {Zhang’s Camera Calibration Algorithm: In-Depth Tutorial
and Implementation},
language = {english},
institution = {University of Applied Sciences Upper Austria, School of
Informatics, Communications and Media, Dept. of Digital
Media},
address = {Hagenberg, Austria},
number = {HGB16-05},
year = {2016},
month = may,
url = {http://staff.fh-hagenberg.at/burger/}
doi = {10.13140/RG.2.1.1166.1688}
}

@article{panfast,
  title={Fast, robust and accurate digital image correlation calculation without redundant computations},
  author={Pan, B and Li, K and Tong, W},
  journal={Experimental Mechanics},
  volume={53},
  number={7},
  pages={1277--1289},
  year={2013},
  publisher={Springer}
}

@inproceedings{DLTnorm,
  title={In defence of the 8-point algorithm},
  author={Richard, HI},
  booktitle={Proceedings of the 5th International Conference on Computer Vision},
  pages={1064--1070},
  year={1995},
  organization={Cambridge: IEEE Computer Science Press}
}

@article{pan2016performance,
  title={Performance of global look-up table strategy in digital image correlation with cubic B-spline interpolation and bicubic interpolation},
  author={Pan, Zhiwei and Chen, Wei and Jiang, Zhenyu and Tang, Liqun and Liu, Yiping and Liu, Zejia},
  journal={Theoretical and Applied Mechanics Letters},
  volume={6},
  number={3},
  pages={126--130},
  year={2016},
  publisher={Elsevier}
}

@book{gilat2004matlab,
  title={MATLAB: An introduction with Applications},
  author={Gilat, Amos},
  year={2004},
  publisher={John Wiley \& Sons}
}

@incollection{bourne2010spatial,
  title={The Spatial and Frequency Domains},
  author={Bourne, Roger},
  booktitle={Fundamentals of Digital Imaging in Medicine},
  pages={55--86},
  year={2010},
  publisher={Springer}
}

@book{arfken2011mathematical,
  title={Integral Transformations},
  booktitle={Mathematical Methods for Physicists: A Comprehensive Guide},
  author={Arfken, George B and Weber, Hans J and Harris, Frank E},
  year={2011},
  pages={980--988},
  publisher={Academic press}
}

@article{barros2017dft,
  title={A DFT-based method for 3D digital image correlation},
  author={Barros, Francisco and Sousa, Pedro J and Tavares, Paulo J and Moreira, Pedro MGP},
  journal={Procedia Structural Integrity},
  volume={5},
  pages={1260--1266},
  year={2017},
  publisher={Elsevier}
}

@article{malah1976dft,
  title={DFT interpolation kernels and error bounds},
  author={Malah, D and Botbol, M},
  journal={Computers \& Electrical Engineering},
  volume={3},
  number={2},
  pages={209--213},
  year={1976},
  publisher={Elsevier}
}

@article{poissant2010novel,
  title={A novel “subset splitting” procedure for digital image correlation on discontinuous displacement fields},
  author={Poissant, J and Barthelat, F},
  journal={Experimental mechanics},
  volume={50},
  number={3},
  pages={353--364},
  year={2010},
  publisher={Springer}
}

@article{bing2006performance,
  title={Performance of sub-pixel registration algorithms in digital image correlation},
  author={Bing, Pan and Hui-Min, Xie and Bo-Qin, Xu and Fu-Long, Dai},
  journal={Measurement Science and Technology},
  volume={17},
  number={6},
  pages={1615},
  year={2006},
  publisher={IOP Publishing}
}

@article{beets2000super,
  title={Super-sampling anti-aliasing analyzed},
  author={Beets, Kristof and Barron, Dave},
  year={2000},
  publisher={Citeseer}
}

@misc{barber2002solid,
  title={Solid Mechanics and its Applications, Elasticity},
  author={Barber, JR},
  year={2002},
  pages={119--120},
  publisher={Kluwer, Dordrecht}
}

@article{michell1899direct,
  title={On the direct determination of stress in an elastic solid, with application to the theory of plates},
  author={Michell, JH},
  journal={Proceedings of the London Mathematical Society},
  volume={1},
  number={1},
  pages={100--124},
  year={1899},
  publisher={Wiley Online Library}
}

@inproceedings{yates2009quantifying,
  title={Quantifying crack tip displacement fields: Tstress and CTOA},
  author={Yates, JR and Zanganeh, M and Asquith, D and Tai, YH},
  booktitle={CP2009},
  year={2009}
}

@article{williams1997stress,
  title={On the stress distribution at the base of a stationary crack},
  author={Williams, ML},
  year={1997}
}

@article{cook1986stochastic,
  title={Stochastic sampling in computer graphics},
  author={Cook, Robert L},
  journal={ACM Transactions on Graphics (TOG)},
  volume={5},
  number={1},
  pages={51--72},
  year={1986},
  publisher={ACM}
}

@inproceedings{abdel1971direct,
  title={Direct linear transformation from comparator coordinates into object space in close-range photogrammetry},
  author={Abdel-Aziz, YI},
  booktitle={Proceedings of the ASP Symposium on Close-Range Photogrammetry, 1971},
  pages={1--18},
  year={1971},
  organization={American Society of Photogrammetry}
}

@article{amiot2013assessment,
  title={Assessment of digital image correlation measurement accuracy in the ultimate error regime: main results of a collaborative benchmark},
  author={Amiot, Fabien and Bornert, Michel and Doumalin, Pascal and Dupr{\'e}, J-C and Fazzini, Marina and Orteu, J-J and Poil{\^a}ne, Christophe and Robert, Laurent and Rotinat, Ren{\'e} and Toussaint, Evelyne and others},
  journal={Strain},
  volume={49},
  number={6},
  pages={483--496},
  year={2013},
  publisher={Wiley Online Library}
}

@inproceedings{orteu2006speckle,
  title={A speckle texture image generator},
  author={Orteu, Jean-Jos{\'e} and Garcia, Dorian and Robert, Laurent and Bugarin, Florian},
  booktitle={Speckle06: speckles, from grains to flowers},
  volume={6341},
  pages={63410H},
  year={2006},
  organization={International Society for Optics and Photonics}
}

@article{arcan1978method,
  title={A method to produce uniform plane-stress states with applications to fiber-reinforced materials},
  author={Arcan, M and Hashin, Z and and Voloshin, A},
  journal={Experimental mechanics},
  volume={18},
  number={4},
  pages={141--146},
  year={1978},
  publisher={Springer}
}

@incollection{banks1986compact,
  title={A compact mode II fracture specimen},
  author={Banks-Sills, Leslie and Arcan, Mircea},
  booktitle={Fracture Mechanics: Seventeenth Volume},
  year={1986},
  publisher={ASTM International}
}

@article{astm2012standard,
  title={Standard test method for linear-elastic plane strain fracture toughness KIC of metallic materials},
  author={ASTM},
  journal={E 399-12},
  year={2012}
}

@book{astm2009standard,
  title={Standard test methods for tension testing of metallic materials},
  author={ASTM American Society for Testing and Materials},
  year={2009},
  publisher={ASTM international}
}

@article{blondin2009particle,
  title={Particle swarm optimization: A tutorial},
  author={Blondin, James},
  journal={Availaible from: http://cs. armstrong. edu/saad/csci8100/pso tutorial. pdf},
  year={2009}
}

@TechReport{ASTME8, 
  Author = {ASTM E8 / E8M - 16a},
  Title = {Standard Test Methods for Tension Testing of Metallic Materials},
  Institution = {ASTM},
  address={West Conshohocken, PA},
  Year = {2016}
}

@TechReport{ASTME399, 
  Author = {ASTM E399 - 17},
  Title = {Standard Test Method for Linear-Elastic Plane-Strain Fracture Toughness KIc of Metallic Materials},
  Institution = {ASTM},
  address={West Conshohocken, PA},
  Year = {2017}
}

@phdthesis{huchzermeyer2017measuring,
  title={Measuring mechanical properties using digital image correlation: extracting tensile and fracture properties from a single sample.},
  author={Huchzermeyer, Richard Lynn},
  year={2017},
  school={Stellenbosch: Stellenbosch University}
}

@article{van2018high,
  title={High-temperature tensile property measurements using digital image correlation over a non-uniform temperature field},
  author={van Rooyen, Melody and Becker, Thorsten Hermann},
  journal={The Journal of Strain Analysis for Engineering Design},
  volume={53},
  number={3},
  pages={117--129},
  year={2018},
  publisher={SAGE Publications Sage UK: London, England}
}

@article{chiang2008micro,
  title={Micro-/Nano-Speckle Method with Applications to Materials, Tissue Engineering and Heart Mechanics},
  author={Chiang, Fu-Pen},
  journal={Strain},
  volume={44},
  number={1},
  pages={27--39},
  year={2008},
  publisher={Wiley Online Library}
}

@article{chevalier2001digital,
  title={Digital image correlation used to analyze the multiaxial behavior of rubber-like materials},
  author={Chevalier, Luc and Calloch, Sylvain and Hild, Fran{\c{c}}ois and Marco, Yann},
  journal={European Journal of Mechanics-A/Solids},
  volume={20},
  number={2},
  pages={169--187},
  year={2001},
  publisher={Elsevier}
}

@article{pan2008study,
  title={Study on subset size selection in digital image correlation for speckle patterns},
  author={Pan, Bing and Xie, Huimin and Wang, Zhaoyang and Qian, Kemao and Wang, Zhiyong},
  journal={Optics express},
  volume={16},
  number={10},
  pages={7037--7048},
  year={2008},
  publisher={Optical Society of America}
}